<?xml version="1.0" encoding="UTF-8"?><record xmlns="http://www.loc.gov/MARC21/slim" xmlns:cinclude="http://apache.org/cocoon/include/1.0" xmlns:zs="http://www.loc.gov/zing/srw/">
  <leader>00753cz  a2200169n  4500</leader>
  <controlfield tag="001">n  85206014 </controlfield>
  <controlfield tag="003">DLC</controlfield>
  <controlfield tag="005">19990216110320.2</controlfield>
  <controlfield tag="008">851029n| acannaab|          |a aaa |||  </controlfield>
  <datafield tag="010" ind1=" " ind2=" ">
    <subfield code="a">n  85206014 </subfield>
  </datafield>
  <datafield tag="040" ind1=" " ind2=" ">
    <subfield code="a">DLC</subfield>
    <subfield code="c">DLC</subfield>
    <subfield code="d">DLC</subfield>
  </datafield>
  <datafield tag="100" ind1="1" ind2="0">
    <subfield code="a">Adriani, Achille</subfield>
  </datafield>
  <datafield tag="400" ind1="1" ind2="0">
    <subfield code="a">Adriani, A.</subfield>
    <subfield code="q">(Achille)</subfield>
  </datafield>
  <datafield tag="670" ind1=" " ind2=" ">
    <subfield code="a">Alessandria e il mondo ellenistico-romano, 1983-1984:</subfield>
    <subfield code="b">v. 1, t.p. (Achille Adriani) v. 1, p. xv (b. Naples, 5/23/05; d. 12/14/82; archeology professor)</subfield>
  </datafield>
  <datafield tag="670" ind1=" " ind2=" ">
    <subfield code="a">LC data base, 10-26-85</subfield>
    <subfield code="b">(hdg.: Adriani, Achille)</subfield>
  </datafield>
  <datafield tag="670" ind1=" " ind2=" ">
    <subfield code="a">His Divagazioni intorno ad una coppa paesistica del Museo di Alessandria, 1959:</subfield>
    <subfield code="b">t.p. (A. Adriani)</subfield>
  </datafield>
  <datafield tag="670" ind1=" " ind2=" ">
    <subfield code="a">Repertorio d'arte dell'Egitto greco-romano, 1961- :</subfield>
    <subfield code="b">ser. C, v. 3, jacket (Achille Adriani, d. 1982 in Rome)</subfield>
  </datafield>
</record>